<?xml version="1.0" encoding="UTF-8"?><record xmlns="http://www.loc.gov/MARC21/slim" xmlns:cinclude="http://apache.org/cocoon/include/1.0" xmlns:zs="http://www.loc.gov/zing/srw/">
  <leader>00792cz  a2200181n  4500</leader>
  <controlfield tag="001">n  87829114 </controlfield>
  <controlfield tag="003">DLC</controlfield>
  <controlfield tag="005">20020508033205.0</controlfield>
  <controlfield tag="008">870505n| acannaabn          |a aaa      </controlfield>
  <datafield tag="010" ind1=" " ind2=" ">
    <subfield code="a">n  87829114 </subfield>
  </datafield>
  <datafield tag="035" ind1=" " ind2=" ">
    <subfield code="a">(OCoLC)oca01848370</subfield>
  </datafield>
  <datafield tag="040" ind1=" " ind2=" ">
    <subfield code="a">DLC</subfield>
    <subfield code="b">eng</subfield>
    <subfield code="c">DLC</subfield>
    <subfield code="d">OCoLC</subfield>
    <subfield code="d">DNLM</subfield>
    <subfield code="d">MnU</subfield>
  </datafield>
  <datafield tag="100" ind1="1" ind2=" ">
    <subfield code="a">El-Ghazaly, Gamal</subfield>
  </datafield>
  <datafield tag="400" ind1="1" ind2=" ">
    <subfield code="a">Ghazaly, Gamal El-</subfield>
  </datafield>
  <datafield tag="400" ind1="1" ind2=" ">
    <subfield code="a">El-Ghazaly, G.</subfield>
    <subfield code="q">(Gamal)</subfield>
  </datafield>
  <datafield tag="670" ind1=" " ind2=" ">
    <subfield code="a">nuc87-41701: His Palynology of Hypochoeridinae and Scolyminae (Compositae), 1980</subfield>
    <subfield code="b">(hdg. on CU-SB rept.: El-Ghazaly, Gamal; usage: Gamal El-Ghazaly)</subfield>
  </datafield>
  <datafield tag="670" ind1=" " ind2=" ">
    <subfield code="a">Rizk, A. M. Medicinal and poisonous plants of Qatar, 1995:</subfield>
    <subfield code="b">t.p. (Gamal A. El-Ghazaly, prof. of plant taxonomy &amp; palynology, Dept. of Botany, Univ. of Qatar)</subfield>
  </datafield>
  <datafield tag="670" ind1=" " ind2=" ">
    <subfield code="a">Plant systematics for the 21st century, 2000:</subfield>
    <subfield code="b">t.p. (G. El-Ghazaly)</subfield>
  </datafield>
</record>